@String{ JCP     = "Journal of Computational Physics"}
@String{ JAS     = "Journal of Atmospheric Sciences"}
@String{ APJ     = "Astrophys J"}
@String{ AJ      = "Astron  J"}
@String{ APJS    = "Astrophys J Suppl S"}
@String{ APJL    = "Astrophys J Lett"}
@String{ AAP     = "Astron Astrophys"}
@String{ SJSSC   = "SIAM J. Sci. Statist. Comput."}
@String{ CAMCOS  = "Communications in Applied Mathematics and Computational Science"}
@String{ PASP    = "Publications of the Astronomical Society of the Pacific"}
@STRING{ NAT     = "Nature"}
@STRING{ SSR     = "Space Science Reviews"}
@STRING{ MNRAS    = "Mon Not R Astron Soc"}

@article{VODE-1989,
author = {Peter N. Brown and George D. Byrne and Alan C. Hindmarsh},
collaboration = {},
title = {VODE: A Variable-Coefficient ODE Solver},
publisher = {SIAM},
year = {1989},
journal = {SIAM Journal on Scientific and Statistical Computing},
volume = {10},
number = {5},
pages = {1038-1051},
keywords = {stiff ODEs; variable-coefficient BDF methods},
url = {http://link.aip.org/link/?SCE/10/1038/1},
doi = {10.1137/0910062}
}

@ARTICLE{ABRZ:I,
   author = {A. S. Almgren and J. B. Bell and C. A. Rendleman and M. Zingale},
    title = {Low Mach Number Modeling of Type Ia Supernovae. I. Hydrodynamics},
  journal = APJ,
     year = 2006,
   volume = 637,
    pages = {922-936},
    month = feb,
     note = {paper I}
}

@ARTICLE{ABRZ:II,
   author = {A. S. Almgren and J. B. Bell and C. A. Rendleman and M. Zingale},
    title = {Low Mach Number Modeling of Type Ia Supernovae. II. Energy Evolution},
  journal = APJ,
     year = 2006,
   volume = 649,
    pages = {927-938},
    month = oct,
     note = {paper II}
}

@ARTICLE{ABNZ:III,
   author = {A. S. Almgren and J. B. Bell and A. Nonaka and M. Zingale},
    title = {Low Mach Number Modeling of Type Ia Supernovae. III. Reactions},
  journal = APJ,
     year = {2008},
    month = {sep},
   volume = {684},
    pages = {449-470},
     note = {paper III}
}

@ARTICLE{multilevel,
   author = {A. Nonaka and A. S. Almgren and J. B. Bell and M. J. Lijewski and C. M. Malone and M. Zingale},
    title = {{\tt MAESTRO}:An Adaptive Low Mach Number Hydrodynamics Algorithm for Stellar Flows},
  journal = APJS,
     year = {2010},
   volume = {188},
    pages = {358-383},
     note = {paper V}
}

@ARTICLE{Lin:2006,
   author = {{Lin}, D.~J. and {Bayliss}, A. and {Taam}, R.~E.},
    title = "{Low Mach number modeling of Type I X-ray burst deflagrations}",
  journal = APJ,
     year = 2006,
   volume = 653,
    pages = {545-557}
}

@INPROCEEDINGS{WOO_WEAV84,
   author    = {{Woosley}, S.~E. and {Weaver}, T.~A.},
   title     = "{Repeated Thermonuclear Flashes on an Accreting Neutron Star}",
   booktitle = {American Institute of Physics Conference Series},
   pages     = {273-+},
   year      = 1984,
   editor    = {{Woosley}, S.~E.},
   volume    = 115,
   series    = {American Institute of Physics Conference Series}
}

@ARTICLE{TAAM_ETAL93,
   author  = {{Taam}, R.~E. and {Woosley}, S.~E. and {Weaver}, T.~A. and {Lamb}, D.~Q.},
   title   = "{Successive X-ray bursts from accreting neutron stars}",
   journal = APJ,
   year    = 1993,
   volume  = 413,
   pages   = {324-332},
   month   = aug
}

@ARTICLE{HEG_ETAL07,
   author  = {{Heger}, A. and {Cumming}, A. and {Galloway}, D.~K. and {Woosley}, S.~E.},
   title   = "{Models of Type I X-Ray Bursts from GS 1826-24: A Probe of rp-Process Hydrogen Burning}",
   journal = APJ,
   year    = 2007,
   volume  = 671,
   pages   = {L141-L144},
   month   = dec
}

@InBook{STRO_BILD06,
   author = {{Strohmayer}, T. and {Bildsten}, L.},
   editor = {{Lewin}, W.~H.~G and {van der Klis}, M.},
   title = {Compact Stellar X-Ray Sources},
   publisher = {Cambridge Univ. Press},
   year = 2006,
   pages = {113-}
}

@ARTICLE{SHARA82,
   author = {{Shara}, M.~M.},
   title = "{Localized thermonuclear runaways and volcanoes on degenerate dwarf stars}",
   journal = APJ,
   volume = 261,
   pages = {649-660},
   month = oct,
   year = 1982
}

@ARTICLE{ZINGALE_ETAL01,
   author = {{Zingale}, M. and {Timmes}, F.~X. and {Fryxell}, B. and {Lamb}, D.~Q. and {Olson}, K. and {Calder}, A.~C. and {Dursi}, L.~J. and {Ricker}, P. and {Rosner}, R. and {MacNeice}, P. and {Tufo}, H.~M.},
   title = "{Helium Detonations on Neutron Stars}",
   journal = APJS,
   year = 2001,
   volume = 133,
   pages = {195-220},
   month = mar
}

@Article{SPIT_ETAL02,
  author =       {{Spitkovsky}, A. and {Levin}, Y. and {Ushomirsky}, G.},
  title =        "{Propagation of Thermonuclear Flames on Rapidly Rotating Neutron Stars: Extreme Weather during Type I X-Ray Bursts}",
  journal =      apj,
  year =         {2002},
  volume =       {566},
  pages =        {1018-1038},
  month =        {feb}
}

@Article{STRO_ETAL96,
  author =       {{Strohmayer}, T.~E. and {Zhang}, W. and {Swank}, J.~H. and {Smale}, A. and {Titarchuk}, L. and {Day}, C. and {Lee}, U.},
  title =        "{Millisecond X-Ray Variability from an Accreting Neutron Star System}",
  journal =      APJL,
  year =         {1996},
  volume =       {469},
  pages =        {L9+},
  month =        {sep}
}

@ARTICLE{NAR_COOP07,
   author = {{Narayan}, R. and {Cooper}, R.~L.},
    title = "{Generation of Type I X-Ray Burst Oscillations by Unstable Surface Modes}",
  journal = APJ,
   eprint = {arXiv:astro-ph/0702690},
 keywords = {Accretion, Accretion Disks, Stars: Neutron, X-Rays: Binaries, X-Rays: Bursts},
     year = 2007,
    month = aug,
   volume = 665,
    pages = {628-636},
      doi = {10.1086/519552},
   adsurl = {http://adsabs.harvard.edu/abs/2007ApJ...665..628N},
  adsnote = {Provided by the SAO/NASA Astrophysics Data System}
}

@ARTICLE{BHATTA10,
   author = {{Bhattacharyya}, S.},
    title = "{Measurement of neutron star parameters: a review of methods for low-mass X-ray binaries}",
  journal = {ArXiv e-prints 1001.1642},
archivePrefix = "arXiv",
   eprint = {1001.1642},
 keywords = {Astrophysics - High Energy Astrophysical Phenomena, Astrophysics - Galaxy Astrophysics},
     year = 2010,
    month = jan,
   adsurl = {http://adsabs.harvard.edu/abs/2010arXiv1001.1642B},
  adsnote = {Provided by the SAO/NASA Astrophysics Data System}
}

@ARTICLE{MUNO_ETAL02,
   author = {{Muno}, M.~P. and {Chakrabarty}, D. and {Galloway}, D.~K. and 
        {Psaltis}, D.}, 
    title = "{The Frequency Stability of Millisecond Oscillations in Thermonuclear X-Ray Bursts}",
  journal = APJ,
   eprint = {arXiv:astro-ph/0204320},
 keywords = {Stars: Neutron, X-Rays: Bursts, X-Rays: Stars},
     year = 2002,
    month = dec,
   volume = 580,
    pages = {1048-1059},
      doi = {10.1086/343793},
   adsurl = {http://adsabs.harvard.edu/abs/2002ApJ...580.1048M},
  adsnote = {Provided by the SAO/NASA Astrophysics Data System}
}

@ARTICLE{HEGER_ETAL00,
   author = {{Heger}, A. and {Langer}, N. and {Woosley}, S.~E.},
    title = "{Presupernova Evolution of Rotating Massive Stars. I. Numerical Method and Evolution of the Internal Stellar Structure}",
  journal = APJ,
   eprint = {arXiv:astro-ph/9904132},
 keywords = {HYDRODYNAMICS, METHODS: NUMERICAL, STARS EARLY-TYPE, STARS: EVOLUTION, STARS: INTERIORS, STARS ROTATION},
     year = 2000,
    month = jan,
   volume = 528,
    pages = {368-396},
      doi = {10.1086/308158},
   adsurl = {http://adsabs.harvard.edu/abs/2000ApJ...528..368H},
  adsnote = {Provided by the SAO/NASA Astrophysics Data System}
}

@ARTICLE{ARNETT_ETAL09,
   author = {{Arnett}, W.~D. and {Meakin}, C. and {Young}, P.~A.},
    title = "{Convection Theory and Sub-photospheric Stratification}",
  journal = {ArXiv e-prints 0910.0821},
archivePrefix = "arXiv",
   eprint = {0910.0821},
 keywords = {Astrophysics - Solar and Stellar Astrophysics},
     year = 2009,
    month = oct,
   adsurl = {http://adsabs.harvard.edu/abs/2009arXiv0910.0821A},
  adsnote = {Provided by the SAO/NASA Astrophysics Data System}
}

@INPROCEEDINGS{ARNETT_ETAL08,
   author = {{Arnett}, D. and {Meakin}, C. and {Starrfield}, S. and {Timmes}, F. and 
        {Young}, P.},
    title = "{Theory and Numerics: New Results on Convection in Stars}",
 keywords = {stellar evolution, convection, hydrodynamics, stellar atmospheres, stars},
booktitle = {Evolution and Nucleosynthesis in AGB Stars},
     year = 2008,
   series = {American Institute of Physics Conference Series},
   volume = 1001,
   editor = "{R.~Guandalini, S.~Palmerini, \& M.~Busso}",
    month = apr,
    pages = {287-294},
      doi = {10.1063/1.2916977},
   adsurl = {http://adsabs.harvard.edu/abs/2008AIPC.1001..287A},
  adsnote = {Provided by the SAO/NASA Astrophysics Data System}
}

@ARTICLE{FRY_WOOS_DETONATION_82,
   author = {{Fryxell}, B.~A. and {Woosley}, S.~E.},
    title = "{A two-dimensional model for gamma-ray bursts}",
  journal = APJ,
 keywords = {GAMMA RAY BURSTS, MAGNETOHYDRODYNAMIC FLOW, NEUTRON STARS, STELLAR MASS ACCRETION, THERMONUCLEAR REACTIONS, TWO DIMENSIONAL MODELS, DETONATION WAVES, HELIUM, HYDROGEN, STELLAR ATMOSPHERES, STELLAR MODELS},
     year = 1982,
    month = jul,
   volume = 258,
    pages = {733-739},
      doi = {10.1086/160121},
   adsurl = {http://adsabs.harvard.edu/abs/1982ApJ...258..733F},
  adsnote = {Provided by the SAO/NASA Astrophysics Data System}
}

@ARTICLE{ZINGALE_ETAL09,
   author = {{Zingale}, M. and {Almgren}, A.~S. and {Bell}, J.~B. and {Nonaka}, A. and 
        {Woosley}, S.~E.},
    title = "{Low Mach Number Modeling of Type IA Supernovae. IV. White Dwarf Convection}",
  journal = APJ,
archivePrefix = "arXiv",
   eprint = {0908.2668},
 keywords = {convection, hydrodynamics, methods: numerical, nuclear reactions, nucleosynthesis, abundances, supernovae: general, white dwarfs},
     year = 2009,
    month = oct,
   volume = 704,
    pages = {196-210},
      doi = {10.1088/0004-637X/704/1/196},
   adsurl = {http://adsabs.harvard.edu/abs/2009ApJ...704..196Z},
  adsnote = {Provided by the SAO/NASA Astrophysics Data System},
     note = {paper IV}
}

@ARTICLE{ALTAMIRANO_ETAL10,
   author = {{Altamirano}, D. and {Watts}, A. and {Linares}, M. and {Markwardt}, C.~B. and {Strohmayer}, T. and {Patruno}, A.},
    title = "{Type I X-ray bursts and burst oscillations in the accreting millisecond X-ray pulsar IGR J17511-3057}",
  journal = {ArXiv e-prints},
archivePrefix = "arXiv",
   eprint = {1005.5299},
 keywords = {Astrophysics - High Energy Astrophysical Phenomena},
     year = 2010,
    month = may,
   adsurl = {http://adsabs.harvard.edu/abs/2010arXiv1005.5299A},
  adsnote = {Provided by the SAO/NASA Astrophysics Data System}
}

@ARTICLE{STEINER_ETAL10,
   author = {{Steiner}, A.~W. and {Lattimer}, J.~M. and {Brown}, E.~F.},
    title = "{The Equation of State from Observed Masses and Radii of Neutron Stars}",
  journal = {ArXiv e-prints},
archivePrefix = "arXiv",
   eprint = {1005.0811},
 keywords = {Astrophysics - High Energy Astrophysical Phenomena, Nuclear Theory},
     year = 2010,
    month = may,
   adsurl = {http://adsabs.harvard.edu/abs/2010arXiv1005.0811S},
  adsnote = {Provided by the SAO/NASA Astrophysics Data System}
}

@ARTICLE{GehrzEtAl98,
   author = {{Gehrz}, R.~D. and {Truran}, J.~W. and {Williams}, R.~E. and
   {Starrfield}, S.},
    title = "{Nucleosynthesis in Classical Novae and Its Contribution to the Interstellar Medium}",
  journal = PASP,
 keywords = {NOVAE, ISM: JETS AND OUTFLOWS, NUCLEOSYNTHESIS},
     year = 1998,
    month = jan,
   volume = 110,
    pages = {3-26},
      doi = {10.1086/316107},
   adsurl = {http://adsabs.harvard.edu/abs/1998PASP..110....3G},
  adsnote = {Provided by the SAO/NASA Astrophysics Data System}
}

@ARTICLE{Bode09,
   author = {{Bode}, M.~F.},
    title = "{The Outbursts of Classical and Recurrent Novae}",
  journal = {ArXiv e-prints},
archivePrefix = "arXiv",
   eprint = {0911.5254},
 keywords = {Astrophysics - Solar and Stellar Astrophysics},
     year = 2009,
    month = nov,
   adsurl = {http://adsabs.harvard.edu/abs/2009arXiv0911.5254B},
  adsnote = {Provided by the SAO/NASA Astrophysics Data System}
}

@ARTICLE{LivioTrur94,
   author = {{Livio}, M. and {Truran}, J.~W.},
    title = "{On the interpretation and implications of nova abundances: an abundance of riches or an overabundance of enrichments}",
  journal = APJ,
 keywords = {ABUNDANCE, CATACLYSMIC VARIABLES, HEAVY ELEMENTS, NOVAE, WHITE DWARF STARS, NUCLEAR TRANSFORMATIONS, PHOTOIONIZATION, STELLAR MASS EJECTION, ULTRAVIOLET ASTRONOMY},
     year = 1994,
    month = apr,
   volume = 425,
    pages = {797-801},
      doi = {10.1086/174024},
   adsurl = {http://adsabs.harvard.edu/abs/1994ApJ...425..797L},
  adsnote = {Provided by the SAO/NASA Astrophysics Data System}
}

@ARTICLE{StarrEtAl72,
   author = {{Starrfield}, S. and {Truran}, J.~W. and {Sparks}, W.~M. and
   {Kutter}, G.~S.},
    title = "{CNO Abundances and Hydrodynamic Models of the Nova Outburst}",
  journal = APJ,
     year = 1972,
    month = aug,
   volume = 176,
    pages = {169-+},
      doi = {10.1086/151619},
   adsurl = {http://adsabs.harvard.edu/abs/1972ApJ...176..169S},
  adsnote = {Provided by the SAO/NASA Astrophysics Data System}
}

@INPROCEEDINGS{StarrfieldEtAl97,
   author = {{Starrfield}, S. and {Gehrz}, R.~D. and {Truran}, J.~W.},
    title = "{Dust formation and nucleosynthesis in the nova outburst}",
 keywords = {novae, accretion, stellar evolution, stellar internal processes, mass transfer, nucleosynthesis, cosmic dust, element relative abundance, isotope relative abundance},
booktitle = {American Institute of Physics Conference Series},
     year = 1997,
   series = {American Institute of Physics Conference Series},
   volume = 402,
   editor = "{T.~J.~Bernatowicz \& E.~Zinner}",
    month = mar,
    pages = {203-234},
      doi = {10.1063/1.53312},
   adsurl = {http://adsabs.harvard.edu/abs/1997AIPC..402..203S},
  adsnote = {Provided by the SAO/NASA Astrophysics Data System}
}

@ARTICLE{flash,
    author = {{Fryxell}, B. and {Olson}, K. and {Ricker}, P. and
              {Timmes}, F.~X. and {Zingale}, M. and {Lamb}, D.~Q. and
              {MacNeice}, P. and {Rosner}, R. and {Truran}, J.~W. and
              {Tufo}, H.},
    title = {{FLASH}: An Adaptive Mesh Hydrodynamics Code for Modeling Astrophysical Thermonuclear Flashes},
    journal = APJ:sup,
    year = 2000,
    volume = 131,
    pages = {273--334},
}


@ARTICLE{jose:2007,  
   author = {{Jos{\'e}}, J. and {Hernanz}, M.},
    title = "{TOPICAL REVIEW:  Nucleosynthesis in classical nova explosions}",
  journal = {Journal of Physics G Nuclear Physics}, 
     year = 2007,
    month = dec,     
   volume = 34,
    pages = {431-+},
      doi = {10.1088/0954-3899/34/12/R01},
   adsurl = {http://adsabs.harvard.edu/abs/2007JPhG...34..431J},
  adsnote = {Provided by the SAO/NASA Astrophysics Data System}
}

@ARTICLE{liviotruran,
   author = {{Livio}, M. and {Truran}, J.~W.},
    title = "{Elemental mixing in classical nova systems}",
  journal = {Annals of the New York Academy of Sciences },
 keywords = {ABUNDANCE, ACCRETION DISKS, BINARY STARS, NOVAE, NUCLEAR
                  FUSION, STELLAR ENVELOPES, CHEMICAL REACTIONS, HEAVY
                  ELEMENTS, STELLAR LUMINOSITY, STELLAR MODELS},
     year = 1990,
    month = dec,
   volume = 617,
    pages = {126-137},
      doi = {10.1111/j.1749-6632.1990.tb37801.x},
   adsurl = {http://adsabs.harvard.edu/abs/1990NYASA.617..126L},
  adsnote = {Provided by the SAO/NASA Astrophysics Data System}
}

@ARTICLE{alexakis:2004,
   author = {{Alexakis}, A. and {Calder}, A.~C. and {Heger}, A. and
                  {Brown}, E.~F. and {Dursi}, L.~J. and {Truran},
                  J.~W. and {Rosner}, R. and {Lamb}, D.~Q. and
                  {Timmes}, F.~X. and {Fryxell}, B. and {Zingale},
                  M. and {Ricker}, P.~M. and {Olson}, K.},
    title = "{On Heavy Element Enrichment in Classical Novae}",
  journal = APJ,
   eprint = {arXiv:astro-ph/0307126},
 keywords = {Hydrodynamics, Methods: Numerical, Stars: Novae,
                  Cataclysmic Variables, Nuclear Reactions,
                  Nucleosynthesis, Abundances, Waves},
     year = 2004,
    month = feb,
   volume = 602,
    pages = {931-937},
      doi = {10.1086/381086},
   adsurl = {http://adsabs.harvard.edu/abs/2004ApJ...602..931A},
  adsnote = {Provided by the SAO/NASA Astrophysics Data System}
}


@ARTICLE{glasner:2005,
   author = {{Glasner}, S.~A. and {Livne}, E. and {Truran}, J.~W.},
    title = "{The Sensitivity of Multidimensional Nova Calculations to
                  the Outer Boundary Condition}",
  journal = APJ,
   eprint = {arXiv:astro-ph/0504054},
 keywords = {Hydrodynamics, Methods: Numerical, Stars: Novae,
                  Cataclysmic Variables},
     year = 2005,
    month = may,
   volume = 625,
    pages = {347-350},
      doi = {10.1086/429482},
   adsurl = {http://adsabs.harvard.edu/abs/2005ApJ...625..347G},
  adsnote = {Provided by the SAO/NASA Astrophysics Data System}
}

@ARTICLE{glasner:1997,
   author = {{Glasner}, S.~A. and {Livne}, E. and {Truran}, J.~W.},
    title = "{Reactive Flow in Nova Outbursts}",
  journal = APJ,
 keywords = {CONVECTION, STARS: NOVAE, CATACLYSMIC VARIABLES, NUCLEAR
                  REACTIONS, NUCLEOSYNTHESIS, ABUNDANCES, STARS:
                  INTERIORS},
     year = 1997,
    month = feb,
   volume = 475,
    pages = {754-+},
      doi = {10.1086/303561},
   adsurl = {http://adsabs.harvard.edu/abs/1997ApJ...475..754G},
  adsnote = {Provided by the SAO/NASA Astrophysics Data System}
}

@ARTICLE{glasner:2007,
   author = {{Glasner}, S.~A. and {Livne}, E. and {Truran}, J.~W.},
    title = "{Novae: The Evolution from Onset of Convection to the Runaway}",
  journal = APJ,
 keywords = {Convection, Stars: Novae, Cataclysmic Variables},
     year = 2007,
    month = aug,
   volume = 665,
    pages = {1321-1333},
      doi = {10.1086/519234},
   adsurl = {http://adsabs.harvard.edu/abs/2007ApJ...665.1321G},
  adsnote = {Provided by the SAO/NASA Astrophysics Data System}
}


@ARTICLE{kercek:1998,
   author = {{Kercek}, A. and {Hillebrandt}, W. and {Truran}, J.~W.},
    title = "{Two-dimensional simulations of the thermonuclear runaway
                  in an accreted atmosphere of a C+O White Dwarf}",
  journal = AAP,
   eprint = {arXiv:astro-ph/9801054},
 keywords = {STARS: NOVAE, CATACLYSMIC VARIABLES, STARS: WHITE DWARFS,
                  CONVECTION, HYDRODYNAMICS, NUCLEAR REACTIONS,
                  NUCLEOSYNTHESIS, ABUNDANCES},
     year = 1998,
    month = sep,
   volume = 337,
    pages = {379-392},
   adsurl = {http://adsabs.harvard.edu/abs/1998A%26A...337..379K}, 
  adsnote = {Provided by the SAO/NASA Astrophysics Data System}
}

@ARTICLE{kercek:1999,
   author = {{Kercek}, A. and {Hillebrandt}, W. and {Truran}, J.~W.},
    title = "{Three-dimensional simulations of classical novae}",
  journal = AAP,
   eprint = {arXiv:astro-ph/9811259},
 keywords = {STARS: NOVAE, CATACLYSMIC VARIABLES, STARS: WHITE DWARFS,
                  CONVECTION, HYDRODYNAMICS, NUCLEAR REACTIONS,
                  NUCLEOSYNTHESIS, ABUNDANCES},
     year = 1999,
    month = may,
   volume = 345,
    pages = {831-840},
   adsurl = {http://adsabs.harvard.edu/abs/1999A%26A...345..831K},  
  adsnote = {Provided by the SAO/NASA Astrophysics Data System}
}


@ARTICLE{casanova:2010,
   author = {{Casanova}, J. and {Jos{\'e}}, J. and
                  {Garc{\'{\i}}a-Berro}, E. and {Calder}, A. and
                  {Shore}, S.~N.},
    title = "{On mixing at the core-envelope interface during
                  classical nova outbursts}",
  journal = AAP,
archivePrefix = "arXiv",
   eprint = {1004.2792},
 keywords = {novae, cataclysmic variables, nuclear reactions, ,
                  nucleosynthesis, abundances, convection,
                  hydrodynamics, instabilities, turbulence},
     year = 2010,
    month = apr,
   volume = 513,
    pages = {L5+},
      doi = {10.1051/0004-6361/201014178},
   adsurl = {http://adsabs.harvard.edu/abs/2010A%26A...513L...5C},
  adsnote = {Provided by the SAO/NASA Astrophysics Data System}
}
@INPROCEEDINGS{woosley:1986,
   author = {{Woosley}, S.~E.},
    title = "{Nucleosynthesis and Stellar Evolution}",
booktitle = {Saas-Fee Advanced Course 16: Nucleosynthesis and Chemical
                  Evolution},
     year = 1986,
   editor = "{J.~Audouze, C.~Chiosi, \& S.~E.~Woosley}",
    pages = {1-+},
   adsurl = {http://adsabs.harvard.edu/abs/1986nce..conf....1W},
  adsnote = {Provided by the SAO/NASA Astrophysics Data System}
}

@INPROCEEDINGS{starrfield:2002,
   author = {{Starrfield}, S.},
    title = "{Studies of Novae in the 20th Century}",
 keywords = {Novae, dwarf novae, recurrent novae, and other
                  cataclysmic variables, Magellanic Clouds and other
                  irregular galaxies, X-ray sources; X-ray bursts},
booktitle = {Classical Nova Explosions},
     year = 2002,
   series = {American Institute of Physics Conference Series},
   volume = 637,
   editor = "{M.~Hernanz \& J.~Jos{\'e}}",
    month = nov,
    pages = {89-98},
      doi = {10.1063/1.1518184},
   adsurl = {http://adsabs.harvard.edu/abs/2002AIPC..637...89S},
  adsnote = {Provided by the SAO/NASA Astrophysics Data System}
}

@ARTICLE{Alexakis04,
   author = {{Alexakis}, A. and {Calder}, A.~C. and {Dursi}, L.~J. and {Rosner}, R. and 
   {Truran}, J.~W. and {Fryxell}, B. and {Zingale}, M. and {Timmes}, F.~X. and 
   {Olson}, K. and {Ricker}, P.},
    title = "{On the nonlinear evolution of wind-driven gravity waves}",
  journal = {Physics of Fluids},
 keywords = {Compressible flows; shock waves, Interfacial instabilities, Inviscid instability, Hydrodynamics},
     year = 2004,
    month = sep,
   volume = 16,
    pages = {3256-3268},
      doi = {10.1063/1.1771695},
   adsurl = {http://adsabs.harvard.edu/abs/2004PhFl...16.3256A},
  adsnote = {Provided by the SAO/NASA Astrophysics Data System}
}

@ARTICLE{XRB-paper,
   author = {{Malone}, C. and {Nonaka}, A. and {Almgren}, A.~S. and {Bell}, J.~B
. and {Zingale}, M.},
    title = "{Multidimensional Modeling of Type I X-ray
                  Bursts. I. Two-Dimensional Convection Prior to the
                  Outburst}",
  journal = APJ,
     year = 2010,
   volume = 728,
     pages = 118
}


@ARTICLE{scidac_scaling,
  author = {{Almgren}, A. and {Bell}, J. and {Kasen}, D. and
                  {Lijewski}, M. and {Nonaka}, A. and {Nugent}, P. and
                  {Rendleman}, C. and {Thomas}, R. and {Zingale}, M.},
  title = "{ MAESTRO, CASTRO, and SEDONA --- Petascale Codes for
                  Astrophysical Applications}",
  year = 2010,
  note = "{to appear in the Proceedings of SciDAC 2010}"
}


@ARTICLE{rpprocess,
   author = {{Schatz}, H. and {Aprahamian}, A. and {Barnard}, V. and {Bildsten}, L. and
{Cumming}, A. and {Ouellette}, M. and {Rauscher}, T. and {Thielemann}, {F.-K.} and
{Wiescher}, M.},
    title = "{End Point of the rp Process on Accreting Neutron Stars}",
  journal = {Physical Review Letters},
   eprint = {arXiv:astro-ph/0102418},
     year = 2001,
    month = apr,
   volume = 86,
    pages = {3471-3474},
      doi = {10.1103/PhysRevLett.86.3471},
   adsurl = {http://adsabs.harvard.edu/abs/2001PhRvL..86.3471S},
  adsnote = {Provided by the SAO/NASA Astrophysics Data System}
}

@ARTICLE{CUMMING_03,
   author = {{Cumming}, A.},
    title = "{Models of Type I X-Ray Bursts from 4U 1820-30}",
  journal = APJ,
   eprint = {arXiv:astro-ph/0306245},
 keywords = {Accretion, Accretion Disks, Stars: Individual: Alphanumeric: 4U 182
0-30, Stars: Neutron, X-Rays: Bursts},
     year = 2003,
    month = oct,
   volume = 595,
    pages = {1077-1085},
      doi = {10.1086/377446},
   adsurl = {http://adsabs.harvard.edu/abs/2003ApJ...595.1077C},
  adsnote = {Provided by the SAO/NASA Astrophysics Data System}
}

@ARTICLE{GlasnerTruran2011,
   author = {{Glasner}, S.~A. and {Truran}, J.~W.},
    title = "{Novae -The study of the reactive flow}",
  journal = {ArXiv e-prints},
archivePrefix = "arXiv",
   eprint = {1107.1567},
 primaryClass = "astro-ph.SR",
 keywords = {Astrophysics - Solar and Stellar Astrophysics},
     year = 2011,
    month = jul,
   adsurl = {http://adsabs.harvard.edu/abs/2011arXiv1107.1567G},
  adsnote = {Provided by the SAO/NASA Astrophysics Data System}
}

@ARTICLE{JoseIliadis2011,
   author = {{Jos\'e}, J. and {Iliadis}, C.},
    title = "{Nuclear astrophysics: the unfinished quest for the origin of the elements}",
  journal = {ArXiv e-prints},
archivePrefix = "arXiv",
   eprint = {1107.2234},
 primaryClass = "astro-ph.SR",
 keywords = {Astrophysics - Solar and Stellar Astrophysics, Nuclear Experiment, Nuclear Theory},
     year = 2011,
    month = jul,
   adsurl = {http://adsabs.harvard.edu/abs/2011arXiv1107.2234J},
  adsnote = {Provided by the SAO/NASA Astrophysics Data System}
}


@ARTICLE{castro:I,
   author = {{Almgren}, A.~S. and {Beckner}, V.~E. and {Bell}, J.~B. and 
{Day}, M.~S. and {Howell}, L.~H. and {Joggerst}, C.~C. and {Lijewski}, M.~J. and 
{Nonaka}, A. and {Singer}, M. and {Zingale}, M.},
    title = "{CASTRO: A New Compressible Astrophysical Solver. I. Hydrodynamics and Self-gravity}",
  journal = APJ,
archivePrefix = "arXiv",
   eprint = {1005.0114},
 primaryClass = "astro-ph.IM",
 keywords = {equation of state, gravitation, hydrodynamics, methods: numerical, nuclear reactions, nucleosynthesis, abundances},
     year = 2010,
    month = jun,
   volume = 715,
    pages = {1221-1238},
      doi = {10.1088/0004-637X/715/2/1221},
   adsurl = {http://adsabs.harvard.edu/abs/2010ApJ...715.1221A},
  adsnote = {Provided by the SAO/NASA Astrophysics Data System}
}

@ARTICLE{castro:II,
   author = {{Zhang}, W. and {Howell}, L. and {Almgren}, A. and {Burrows}, A. and 
{Bell}, J.},
    title = "{CASTRO: A New Compressible Astrophysical Solver. II. Gray Radiation Hydrodynamics}",
  journal = APJS,
archivePrefix = "arXiv",
   eprint = {1105.2466},
 primaryClass = "astro-ph.IM",
 keywords = {diffusion, hydrodynamics, methods: numerical, radiative transfer},
     year = 2011,
    month = oct,
   volume = 196,
      eid = {20},
    pages = {20},
      doi = {10.1088/0067-0049/196/2/20},
   adsurl = {http://adsabs.harvard.edu/abs/2011ApJS..196...20Z},
  adsnote = {Provided by the SAO/NASA Astrophysics Data System}
}

@ARTICLE{castro:III,
   author = {{Zhang}, W. and {Howell}, L. and {Almgren}, A. and {Burrows}, A. and 
{Dolence}, J. and {Bell}, J.},
    title = "{CASTRO: A New Compressible Astrophysical Solver. III. Multigroup Radiation Hydrodynamics}",
  journal = {ArXiv e-prints},
archivePrefix = "arXiv",
   eprint = {1207.3845},
 primaryClass = "astro-ph.IM",
 keywords = {Astrophysics - Instrumentation and Methods for Astrophysics, Astrophysics - High Energy Astrophysical Phenomena, Astrophysics - Solar and Stellar Astrophysics},
     year = 2012,
    month = jul,
   adsurl = {http://adsabs.harvard.edu/abs/2012arXiv1207.3845Z},
  adsnote = {Provided by the SAO/NASA Astrophysics Data System}
}

@ARTICLE{kasen2008,
   author = {{Kasen}, D. and {Thomas}, R.~C. and {R{\"o}pke}, F. and {Woosley}, S.~E.},
    title = "{Multidimensional radiative transfer calculations of the light curves and spectra of Type Ia supernovae}",
  journal = {Journal of Physics Conference Series},
     year = 2008,
   volume = 125,
   number = 1,
    pages = {012007-+},
      doi = {10.1088/1742-6596/125/1/012007},
   adsurl = {http://adsabs.harvard.edu/abs/2008JPhCS.125a2007K},
  adsnote = {Provided by the SAO/NASA Astrophysics Data System}
}

@ARTICLE{castro,
   author = {A. S. Almgren and V. E. Beckner and J. B. Bell and M. S. Day and L. H Howell
             and C. C. Joggerst and M. J. Lijewski and A. Nonaka and M. Singer
             and M. Zingale},
    title = {{CASTRO}: {A} New Compressible Astrophysical Solver. {I}. {H}ydrodynamics
             and Self-gravity},
  journal = APJ,
     year = 2010,
   volume = 715,
    pages = 1221
}

@ARTICLE{Non12,
   author = {A. Nonaka and A. J. Aspden and M. Zingale and A. S. Almgren and J. B. Bell
             and S. E. Woosley},
    title = {High-Resolution Simulations of Convection Preceding Ignition in
             {Type Ia} Supernovae Using Adaptive Mesh Refinement},
   journal = APJ,
    year = {2012},
    volume = {745},
     pages = {73}
}

@ARTICLE{Zwi42,              
   author = {{Zwicky}, F.},
    title = "{On the Frequency of Supernovae. II.}",
  journal = APJ,
     year = 1942,
   volume = 96,
    pages = {28-+},
      doi = {10.1086/144430},
   adsurl = {http://adsabs.harvard.edu/abs/1942ApJ....96...28Z},
  adsnote = {Provided by the SAO/NASA Astrophysics Data System}
}

@ARTICLE{How11,
author = {Howell, D.~A.},
title = {Type Ia supernovae as stellar endpoints and cosmological tools},
journal = {Nature Communications},
year = 2011,
volume = 2
}

@ARTICLE{Sul11,
author = {M. Sullivan and J. Guy and A. Conley and N. Regnault and P. Astier and C. Balland and S. Basa and R.~G. Carlberg and  et al.\ },
title = {SNLS3: Constraints on Dark Energy Combining the Supernovae Legacy Survey Three Year Data with Other Probes},
journal = APJ,
year = 2011,
volume = 737,
pages = 102
}

@ARTICLE{Rie98,              
   author = {{Riess}, A.~G. and others},
    title = "{Observational Evidence from Supernovae for an Accelerating Universe and a Cosmological Constant}",
  journal = AJ,
   eprint = {arXiv:astro-ph/9805201},
 keywords = {COSMOLOGY: OBSERVATIONS, STARS: SUPERNOVAE: GENERAL},
     year = 1998,
   volume = 116,
    pages = {1009-1038},
      doi = {10.1086/300499},
   adsurl = {http://adsabs.harvard.edu/abs/1998AJ....116.1009R},
  adsnote = {Provided by the SAO/NASA Astrophysics Data System}
}

@ARTICLE{Per99,              
   author = {{Perlmutter}, S. and others},
    title = "{Measurements of Omega and Lambda from 42 High-Redshift Supernovae}",
  journal = APJ,
   eprint = {arXiv:astro-ph/9812133},
 keywords = {COSMOLOGY: OBSERVATIONS, COSMOLOGY: DISTANCE SCALE, STARS: SUPERNOVAE: GENERAL},
     year = 1999,
   volume = 517,
    pages = {565-586},
      doi = {10.1086/307221},
   adsurl = {http://adsabs.harvard.edu/abs/1999ApJ...517..565P},
  adsnote = {Provided by the SAO/NASA Astrophysics Data System}
}

@ARTICLE{Hoy60,
   author = {{Hoyle}, F. and {Fowler}, W.~A.},
    title = "{Nucleosynthesis in Supernovae.}",
  journal = APJ,
     year = 1960,
   volume = 132,
    pages = {565-590},
      doi = {10.1086/146963},
   adsurl = {http://adsabs.harvard.edu/abs/1960ApJ...132..565H},
  adsnote = {Provided by the SAO/NASA Astrophysics Data System}
}

@ARTICLE{Fin10,
   author = {{Fink}, M. and others},
    title = "{Double-detonation sub-Chandrasekhar supernovae: can minimum helium shell masses detonate the core?}",
  journal = AAP,
archivePrefix = "arXiv",
   eprint = {1002.2173},
 primaryClass = "astro-ph.SR",
 keywords = {supernovae: general, nuclear reactions, nucleosynthesis, abundances, hydrodynamics, methods: numerical},
     year = 2010,
   volume = 514,
    pages = {A53+},
      doi = {10.1051/0004-6361/200913892},
   adsurl = {http://adsabs.harvard.edu/abs/2010A%26A...514A..53F},
  adsnote = {Provided by the SAO/NASA Astrophysics Data System}
}


@ARTICLE{Sim10,
   author = {{Sim}, S.~A. and others},
    title = "{Detonations in Sub-Chandrasekhar-mass C+O White Dwarfs}",
  journal = {Astrophys. J. Lettr.},
archivePrefix = "arXiv",
   eprint = {1003.2917},
 primaryClass = "astro-ph.HE",
 keywords = {radiative transfer, supernovae: general, white dwarfs},
     year = 2010,
   volume = 714,
    pages = {L52-L57},
      doi = {10.1088/2041-8205/714/1/L52},
   adsurl = {http://adsabs.harvard.edu/abs/2010ApJ...714L..52S},
  adsnote = {Provided by the SAO/NASA Astrophysics Data System}
}


@ARTICLE{Woo11,
   author = {{Woosley}, S.~E. and {Kasen}, D.},
    title = "{Sub-Chandrasekhar Mass Models for Supernovae}",
  journal = APJ,
archivePrefix = "arXiv",
   eprint = {1010.5292},
 primaryClass = "astro-ph.HE",
 keywords = {hydrodynamics, instabilities, nuclear reactions, nucleosynthesis, abundances, shock waves, supernovae: general},
     year = 2011,
   volume = 734,
    pages = {38-+},
      doi = {10.1088/0004-637X/734/1/38},
   adsurl = {http://adsabs.harvard.edu/abs/2011ApJ...734...38W},
  adsnote = {Provided by the SAO/NASA Astrophysics Data System}
}

@ARTICLE{Tim00a,
   author = {{Timmes}, F.~X. and {Swesty}, F.~D.},
    title = "{The Accuracy, Consistency, and Speed of an Electron-Positron Equation of State Based on Table Interpolation of the Helmholtz Free Energy}",
  journal = APJS,
 keywords = {EQUATION OF STATE, HYDRODYNAMICS, METHODS: NUMERICAL, STARS: GENERAL},
     year = 2000,
    month = feb,
   volume = 126,
    pages = {501-516},
      doi = {10.1086/313304},
   adsurl = {http://adsabs.harvard.edu/abs/2000ApJS..126..501T},
  adsnote = {Provided by the SAO/NASA Astrophysics Data System}
}

@ARTICLE{Wea78,
   author = {{Weaver}, T.~A. and {Zimmerman}, G.~B. and {Woosley}, S.~E.},
    title = "{Presupernova evolution of massive stars}",
  journal = APJ,
 keywords = {ASTRONOMICAL MODELS, NUCLEAR FUSION, STELLAR EVOLUTION, STELLAR MASS, STELLAR STRUCTURE, SUPERNOVAE, ABUNDANCE, GIANT STARS, GRAVITATIONAL COLLAPSE, HYDROSTATICS, SILICON},
     year = 1978,
    month = nov,
   volume = 225,
    pages = {1021-1029},
      doi = {10.1086/156569},
   adsurl = {http://adsabs.harvard.edu/abs/1978ApJ...225.1021W},
  adsnote = {Provided by the SAO/NASA Astrophysics Data System}
}

@ARTICLE{Kas06,
   author = {{Kasen}, D. and {Thomas}, R.~C. and {Nugent}, P.},
    title = "{Time-dependent Monte Carlo Radiative Transfer Calculations for Three-dimensional Supernova Spectra, Light Curves, and Polarization}",
  journal = APJ,
   eprint = {arXiv:astro-ph/0606111},
 keywords = {Polarization, Radiative Transfer, Stars: Supernovae: General},
     year = 2006,
    month = nov,
   volume = 651,
    pages = {366-380},
      doi = {10.1086/506190},
   adsurl = {http://adsabs.harvard.edu/abs/2006ApJ...651..366K},
  adsnote = {Provided by the SAO/NASA Astrophysics Data System}
}

@ARTICLE{Nug11,
   author = {{Nugent}, P.~E. and {Sullivan}, M. and {Cenko}, S.~B. and {Thomas}, R.~C. and others},
    title = "{Supernova SN 2011fe from an exploding carbon-oxygen white dwarf star}",
  journal = NAT,
archivePrefix = "arXiv",
   eprint = {1110.6201},
 primaryClass = "astro-ph.CO",
     year = 2011,
    month = dec,
   volume = 480,
    pages = {344-347},
      doi = {10.1038/nature10644},
   adsurl = {http://adsabs.harvard.edu/abs/2011Natur.480..344N},
  adsnote = {Provided by the SAO/NASA Astrophysics Data System}
}

@ARTICLE{Li11,
   author = {{Li}, W. and {Bloom}, J.~S. and {Podsiadlowski}, P. and {Miller}, A.~A. and others},
    title = "{Exclusion of a luminous red giant as a companion star to the progenitor of supernova SN 2011fe}",
  journal = NAT,
archivePrefix = "arXiv",
   eprint = {1109.1593},
 primaryClass = "astro-ph.CO",
     year = 2011,
    month = dec,
   volume = 480,
    pages = {348-350},
      doi = {10.1038/nature10646},
   adsurl = {http://adsabs.harvard.edu/abs/2011Natur.480..348L},
  adsnote = {Provided by the SAO/NASA Astrophysics Data System}
}

@ARTICLE{Fol12,
   author = {{Foley}, R.~J. and {Simon}, J.~D. and {Burns}, C.~R. and {Gal-Yam}, A. and others},
    title = "{Linking Type Ia Supernova Progenitors and Their Resulting Explosions}",
  journal = APJ,
archivePrefix = "arXiv",
   eprint = {1203.2916},
 primaryClass = "astro-ph.SR",
 keywords = {distance scale, dust, extinction, supernovae: general },
     year = 2012,
    month = jun,
   volume = 752,
      eid = {101},
    pages = {101},
      doi = {10.1088/0004-637X/752/2/101},
   adsurl = {http://adsabs.harvard.edu/abs/2012ApJ...752..101F},
  adsnote = {Provided by the SAO/NASA Astrophysics Data System}
}

@ARTICLE{Ste11,
   author = {{Sternberg}, A. and {Gal-Yam}, A. and {Simon}, J.~D. and {Leonard}, D.~C. and others},
    title = "{Circumstellar Material in Type Ia Supernovae via Sodium Absorption Features}",
  journal = {Science},
archivePrefix = "arXiv",
   eprint = {1108.3664},
 primaryClass = "astro-ph.HE",
     year = 2011,
    month = aug,
   volume = 333,
    pages = {856-},
      doi = {10.1126/science.1203836},
   adsurl = {http://adsabs.harvard.edu/abs/2011Sci...333..856S},
  adsnote = {Provided by the SAO/NASA Astrophysics Data System}
}

@ARTICLE{Ana68,
   author = {{Anand}, S.~P.~S.},
    title = "{The Equilibrium Structure of Rapidly Rotating Gaseous Polytropes and Completely Degenerate Systems}",
  journal = APJ,
     year = 1968,
    month = jul,
   volume = 153,
    pages = {135},
      doi = {10.1086/149643},
   adsurl = {http://adsabs.harvard.edu/abs/1968ApJ...153..135A},
  adsnote = {Provided by the SAO/NASA Astrophysics Data System}
}

@PHDTHESIS{Ma11,
author = {{Ma}, H.},
title = "Three-Dimensional Models for Type Ia Supernovae",
school = {UCSC},
year = 2011
}

@ARTICLE{Nom84,
   author = {{Nomoto}, K. and {Thielemann}, F.-K. and {Yokoi}, K.},
    title = "{Accreting white dwarf models of Type I supernovae. III - Carbon deflagration supernovae}",
  journal = APJ,
 keywords = {CARBON STARS, DEFLAGRATION, NUCLEAR FUSION, STELLAR MASS ACCRETION, SUPERNOVAE, WHITE DWARF STARS, HYDRODYNAMICS, LIGHT CURVE, NEUTRINOS, STELLAR COMPOSITION, STELLAR MODELS, WAVE PROPAGATION},
     year = 1984,
    month = nov,
   volume = 286,
    pages = {644-658},
      doi = {10.1086/162639},
   adsurl = {http://adsabs.harvard.edu/abs/1984ApJ...286..644N},
  adsnote = {Provided by the SAO/NASA Astrophysics Data System}
}

@ARTICLE{Bra85,
   author = {{Branch}, D. and {Doggett}, J.~B. and {Nomoto}, K. and {Thielemann}, F.-K.},
    title = "{Accreting white dwarf models for the type I supernovae. IV The optical spectrum of a carbon-deflagration supernova}",
  journal = APJ,
 keywords = {STELLAR MASS ACCRETION, STELLAR MODELS, STELLAR SPECTRA, SUPERNOVAE, WHITE DWARF STARS, CALCIUM, CARBON STARS, COBALT, DEFLAGRATION, STELLAR COMPOSITION, THERMODYNAMIC EQUILIBRIUM, VISIBLE SPECTRUM},
     year = 1985,
    month = jul,
   volume = 294,
    pages = {619-625},
      doi = {10.1086/163329},
   adsurl = {http://adsabs.harvard.edu/abs/1985ApJ...294..619B},
  adsnote = {Provided by the SAO/NASA Astrophysics Data System}
}

@ARTICLE{Woo09,
   author = {{Woosley}, S.~E. and {Kerstein}, A.~R. and {Sankaran}, V. and {Aspden}, A.~J. and {R{\"o}pke}, F.~K.},
    title = "{Type Ia Supernovae: Calculations of Turbulent Flames Using the Linear Eddy Model}",
  journal = APJ,
archivePrefix = "arXiv",
   eprint = {0811.3610},
 keywords = {hydrodynamics, shock waves, supernovae: general, turbulence},
     year = 2009,
    month = oct,
   volume = 704,
    pages = {255-273},
      doi = {10.1088/0004-637X/704/1/255},
   adsurl = {http://adsabs.harvard.edu/abs/2009ApJ...704..255W},
  adsnote = {Provided by the SAO/NASA Astrophysics Data System}
}

@ARTICLE{Kas09,
   author = {{Kasen}, D. and {R{\"o}pke}, F.~K. and {Woosley}, S.~E.},
    title = "{The diversity of type Ia supernovae from broken symmetries}",
  journal = NAT,
archivePrefix = "arXiv",
   eprint = {0907.0708},
 primaryClass = "astro-ph.HE",
     year = 2009,
    month = aug,
   volume = 460,
    pages = {869-872},
      doi = {10.1038/nature08256},
   adsurl = {http://adsabs.harvard.edu/abs/2009Natur.460..869K},
  adsnote = {Provided by the SAO/NASA Astrophysics Data System}
}

@ARTICLE{Jor08,
   author = {{Jordan}, IV, G.~C. and {Fisher}, R.~T. and {Townsley}, D.~M. and {Calder}, A.~C. and {Graziani}, C. and {Asida}, S. and {Lamb}, D.~Q. and {Truran}, J.~W.},
    title = "{Three-Dimensional Simulations of the Deflagration Phase of the Gravitationally Confined Detonation Model of Type Ia Supernovae}",
  journal = APJ,
   eprint = {arXiv:astro-ph/0703573},
 keywords = {Hydrodynamics, Nuclear Reactions, Nucleosynthesis, Abundances, Stars: Supernovae: General, Stars: White Dwarfs},
     year = 2008,
    month = jul,
   volume = 681,
    pages = {1448-1457},
      doi = {10.1086/588269},
   adsurl = {http://adsabs.harvard.edu/abs/2008ApJ...681.1448J},
  adsnote = {Provided by the SAO/NASA Astrophysics Data System}
}

@ARTICLE{Roe07,
   author = {{R{\"o}pke}, F.~K. and {Woosley}, S.~E. and {Hillebrandt}, W.},
    title = "{Off-Center Ignition in Type Ia Supernovae. I. Initial Evolution and Implications for Delayed Detonation}",
  journal = APJ,
   eprint = {arXiv:astro-ph/0609088},
 keywords = {Hydrodynamics, Instabilities, Methods: Numerical, Stars: Supernovae: General, Turbulence},
     year = 2007,
    month = may,
   volume = 660,
    pages = {1344-1356},
      doi = {10.1086/512769},
   adsurl = {http://adsabs.harvard.edu/abs/2007ApJ...660.1344R},
  adsnote = {Provided by the SAO/NASA Astrophysics Data System}
}

@ARTICLE{Ma13,
author={{Ma}, H. and {Woosley}, S.~E. and {Malone}, C.~M. and {Bell}, J.~B. and {Almgren}, A.~S.},
title={Carbon Deflagration in Type Ia Supernova. I. Centrally Ignited Models},
journal=APJ,
archivePrefix = "arXiv",
   eprint = {1305.2433},
 primaryClass = "astro-ph.HE",
 keywords = {hydrodynamics, instabilities, nuclear reactions, nucleosynthesis, abundances, supernovae: general, turbulence, white dwarfs},
     year = 2013,
    month = jul,
   volume = 771,
      eid = {58},
    pages = {58},
      doi = {10.1088/0004-637X/771/1/58},
   adsurl = {http://adsabs.harvard.edu/abs/2013ApJ...771...58M},
  adsnote = {Provided by the SAO/NASA Astrophysics Data System}
}

@ARTICLE{Taa80a,
   author = {{Taam}, R.~E.},
    title = "{The long-term evolution of accreting carbon white dwarfs}",
  journal = APJ,
 keywords = {CARBON STARS, HELIUM, NUCLEAR FUSION, STELLAR EVOLUTION, STELLAR MASS ACCRETION, WHITE DWARF STARS, BINARY STARS, HYDROGEN, NOVAE, SUPERNOVAE, THERMONUCLEAR EXPLOSIONS},
     year = 1980,
    month = dec,
   volume = 242,
    pages = {749-755},
      doi = {10.1086/158509},
   adsurl = {http://adsabs.harvard.edu/abs/1980ApJ...242..749T},
  adsnote = {Provided by the SAO/NASA Astrophysics Data System}
}

@ARTICLE{Nom80,
   author = {{Nomoto}, K.},
    title = "{White dwarf models for type 1 supernovae and quiet supernovae, and presupernova evolution}",
  journal = SSR,
 keywords = {NEUTRON STARS, STELLAR MASS ACCRETION, SUPERNOVAE, WHITE DWARF STARS, DEFLAGRATION, ELECTRON CAPTURE, HELIUM, HIGH TEMPERATURE GASES, HYDROGEN, STELLAR MODELS},
     year = 1980,
    month = nov,
   volume = 27,
    pages = {563-570},
   adsurl = {http://adsabs.harvard.edu/abs/1980SSRv...27..563N},
  adsnote = {Provided by the SAO/NASA Astrophysics Data System}
}

@ARTICLE{Woo86,
   author = {{Woosley}, S.~E. and {Taam}, R.~E. and {Weaver}, T.~A.},
    title = "{Models for Type I supernova. I - Detonations in white dwarfs}",
  journal = APJ,
 keywords = {BINARY STARS, NUCLEAR FUSION, STELLAR EVOLUTION, STELLAR PHYSICS, SUPERNOVAE, WHITE DWARF STARS, DENSITY DISTRIBUTION, DETONATION, HYDRODYNAMICS, LIGHT CURVE, STELLAR ENVELOPES, STELLAR GRAVITATION, STELLAR LUMINOSITY, STELLAR MASS ACCRETION, STELLAR MODELS, STELLAR OSCILLATIONS},
     year = 1986,
    month = feb,
   volume = 301,
    pages = {601-623},
      doi = {10.1086/163926},
   adsurl = {http://adsabs.harvard.edu/abs/1986ApJ...301..601W},
  adsnote = {Provided by the SAO/NASA Astrophysics Data System}
}

@ARTICLE{Mol13,
author={{Moll}, R. and {Woosley}, S.~E.},
title = "{Multi-dimensional Models for Double Detonation in Sub-Chandrasekhar Mass White Dwarfs}",
  journal = APJ,
archivePrefix = "arXiv",
   eprint = {1303.0324},
 primaryClass = "astro-ph.HE",
 keywords = {hydrodynamics, nuclear reactions, nucleosynthesis, abundances, shock waves, supernovae: general, white dwarfs },
     year = 2013,
    month = sep,
   volume = 774,
      eid = {137},
    pages = {137},
      doi = {10.1088/0004-637X/774/2/137},
   adsurl = {http://adsabs.harvard.edu/abs/2013ApJ...774..137M},
  adsnote = {Provided by the SAO/NASA Astrophysics Data System}
}

@ARTICLE{Blo11,
   author = {{Blondin}, S. and {Kasen}, D. and {R{\"o}pke}, F.~K. and {Kirshner}, R.~P. and {Mandel}, K.~S.},
    title = "{Confronting 2D delayed-detonation models with light curves and spectra of Type Ia supernovae}",
  journal = MNRAS,
archivePrefix = "arXiv",
   eprint = {1107.0009},
 primaryClass = "astro-ph.HE",
 keywords = {supernovae: general},
     year = 2011,
    month = oct,
   volume = 417,
    pages = {1280-1302},
      doi = {10.1111/j.1365-2966.2011.19345.x},
   adsurl = {http://adsabs.harvard.edu/abs/2011MNRAS.417.1280B},
  adsnote = {Provided by the SAO/NASA Astrophysics Data System}
}

@ARTICLE{Woo07,
   author = {{Woosley}, S.~E. and {Kasen}, D. and {Blinnikov}, S. and {Sorokina}, E.},
    title = "{Type Ia Supernova Light Curves}",
  journal = APJ,
   eprint = {arXiv:astro-ph/0609562},
 keywords = {Cosmology: Miscellaneous, Stars: Supernovae: General},
     year = 2007,
    month = jun,
   volume = 662,
    pages = {487-503},
      doi = {10.1086/513732},
   adsurl = {http://adsabs.harvard.edu/abs/2007ApJ...662..487W},
  adsnote = {Provided by the SAO/NASA Astrophysics Data System}
}

@ARTICLE{Jac10,
   author = {{Jackson}, A.~P. and {Calder}, A.~C. and {Townsley}, D.~M. and {Chamulak}, D.~A. and {Brown}, E.~F. and {Timmes}, F.~X.},
    title = "{Evaluating Systematic Dependencies of Type Ia Supernovae: The Influence of Deflagration to Detonation Density}",
  journal = APJ,
archivePrefix = "arXiv",
   eprint = {1007.1138},
 primaryClass = "astro-ph.SR",
 keywords = {hydrodynamics, nuclear reactions, nucleosynthesis, abundances, supernovae: general, white dwarfs},
     year = 2010,
    month = sep,
   volume = 720,
    pages = {99-113},
      doi = {10.1088/0004-637X/720/1/99},
   adsurl = {http://adsabs.harvard.edu/abs/2010ApJ...720...99J},
  adsnote = {Provided by the SAO/NASA Astrophysics Data System}
}

@ARTICLE{Kru10,
   author = {{Krueger}, B.~K. and {Jackson}, A.~P. and {Townsley}, D.~M. and {Calder}, A.~C. and {Brown}, E.~F. and {Timmes}, F.~X.},
    title = "{On Variations of the Brightness of Type Ia Supernovae with the Age of the Host Stellar Population}",
  journal = APJL,
archivePrefix = "arXiv",
   eprint = {1007.0910},
 primaryClass = "astro-ph.SR",
 keywords = {hydrodynamics, nuclear reactions, nucleosynthesis, abundances, supernovae: general, white dwarfs},
     year = 2010,
    month = aug,
   volume = 719,
    pages = {L5-L9},
      doi = {10.1088/2041-8205/719/1/L5},
   adsurl = {http://adsabs.harvard.edu/abs/2010ApJ...719L...5K},
  adsnote = {Provided by the SAO/NASA Astrophysics Data System}
}

@ARTICLE{Ibe84,
   author = {{Iben}, Jr., I. and {Tutukov}, A.~V.},
    title = "{Supernovae of type I as end products of the evolution of binaries with components of moderate initial mass (M not greater than about 9 solar masses)}",
  journal = APJS,
 keywords = {BINARY STARS, STELLAR EVOLUTION, STELLAR MASS, SUPERNOVAE, DWARF STARS, PLANETARY NEBULAE, RED GIANT STARS, STELLAR CORES, STELLAR ENVELOPES, STELLAR MASS ACCRETION, STELLAR WINDS, X RAY SOURCES},
     year = 1984,
    month = feb,
   volume = 54,
    pages = {335-372},
      doi = {10.1086/190932},
   adsurl = {http://adsabs.harvard.edu/abs/1984ApJS...54..335I},
  adsnote = {Provided by the SAO/NASA Astrophysics Data System}
}

@ARTICLE{Web84,
   author = {{Webbink}, R.~F.},
    title = "{Double white dwarfs as progenitors of R Coronae Borealis stars and Type I supernovae}",
  journal = APJ,
 keywords = {BINARY STARS, CORONA BOREALIS CONSTELLATION, R CORONAE BOREALIS STARS, STELLAR EVOLUTION, SUPERNOVAE, WHITE DWARF STARS, B STARS, CARBON STARS, CHANDRASEKHAR EQUATION, O STARS, STELLAR MASS ACCRETION, STELLAR MASS EJECTION},
     year = 1984,
    month = feb,
   volume = 277,
    pages = {355-360},
      doi = {10.1086/161701},
   adsurl = {http://adsabs.harvard.edu/abs/1984ApJ...277..355W},
  adsnote = {Provided by the SAO/NASA Astrophysics Data System}
}

@ARTICLE{Sai85,
   author = {{Saio}, H. and {Nomoto}, K.},
    title = "{Evolution of a merging pair of C + O white dwarfs to form a single neutron star}",
  journal = AAP,
 keywords = {BINARY STARS, CARBON STARS, MASS TRANSFER, NEUTRON STARS, STELLAR EVOLUTION, WHITE DWARF STARS, GRAVITATIONAL COLLAPSE, OXYGEN, PULSARS, STELLAR MASS ACCRETION, STELLAR MASS EJECTION, STELLAR MODELS},
     year = 1985,
    month = sep,
   volume = 150,
    pages = {L21-L23},
   adsurl = {http://adsabs.harvard.edu/abs/1985A%26A...150L..21S},
  adsnote = {Provided by the SAO/NASA Astrophysics Data System}
}

@ARTICLE{Yoo07,
   author = {{Yoon}, S.-C. and {Podsiadlowski}, P. and {Rosswog}, S.},
    title = "{Remnant evolution after a carbon-oxygen white dwarf merger}",
  journal = MNRAS,
archivePrefix = "arXiv",
   eprint = {0704.0297},
 keywords = {accretion, accretion discs, stars: evolution, supernovae: general, white dwarfs},
     year = 2007,
    month = sep,
   volume = 380,
    pages = {933-948},
      doi = {10.1111/j.1365-2966.2007.12161.x},
   adsurl = {http://adsabs.harvard.edu/abs/2007MNRAS.380..933Y},
  adsnote = {Provided by the SAO/NASA Astrophysics Data System}
}

@ARTICLE{Pir08,
   author = {{Piro}, A.~L.},
    title = "{The Internal Shear of Type Ia Supernova Progenitors During Accretion and Simmering}",
  journal = APJ,
archivePrefix = "arXiv",
   eprint = {0801.1107},
 keywords = {Accretion, Accretion Disks, Convection, Hydrodynamics, Stars: Magnetic Fields, Stars: White Dwarfs},
     year = 2008,
    month = may,
   volume = 679,
    pages = {616-625},
      doi = {10.1086/529363},
   adsurl = {http://adsabs.harvard.edu/abs/2008ApJ...679..616P},
  adsnote = {Provided by the SAO/NASA Astrophysics Data System}
}

@ARTICLE{Pak12,
   author = {{Pakmor}, R. and {Kromer}, M. and {Taubenberger}, S. and {Sim}, S.~A. and {R{\"o}pke}, F.~K. and {Hillebrandt}, W.},
    title = "{Normal Type Ia Supernovae from Violent Mergers of White Dwarf Binaries}",
  journal = APJL,
archivePrefix = "arXiv",
   eprint = {1201.5123},
 primaryClass = "astro-ph.HE",
 keywords = {binaries: close, hydrodynamics, radiative transfer, supernovae: general },
     year = 2012,
    month = mar,
   volume = 747,
      eid = {L10},
    pages = {L10},
      doi = {10.1088/2041-8205/747/1/L10},
   adsurl = {http://adsabs.harvard.edu/abs/2012ApJ...747L..10P},
  adsnote = {Provided by the SAO/NASA Astrophysics Data System}
}

@ARTICLE{Ras12,
   author = {{Raskin}, C. and {Scannapieco}, E. and {Fryer}, C. and {Rockefeller}, G. and {Timmes}, F.~X.},
    title = "{Remnants of Binary White Dwarf Mergers}",
  journal = APJ,
archivePrefix = "arXiv",
   eprint = {1112.1420},
 primaryClass = "astro-ph.HE",
 keywords = {hydrodynamics, nuclear reactions, nucleosynthesis, abundances, supernovae: general, white dwarfs },
     year = 2012,
    month = feb,
   volume = 746,
      eid = {62},
    pages = {62},
      doi = {10.1088/0004-637X/746/1/62},
   adsurl = {http://adsabs.harvard.edu/abs/2012ApJ...746...62R},
  adsnote = {Provided by the SAO/NASA Astrophysics Data System}
}

@ARTICLE{Baron96,
   author = {{Baron}, E. and {Hauschildt}, P.~H. and {Nugent}, P. and {Branch}, D.},
    title = "{Non-local thermodynamic equilibrium effects in modelling of supernovae near maximum light.}",
  journal = MNRAS,
 keywords = {radiative transfer -- stars: atmospheres -- stars: evolution -- supernovae: general, Radiative Transfer: Supernovae, Radiative Transfer: Non-LTE Models, Radiative Transfer: Stellar Atmospheres},
     year = 1996,
    month = nov,
   volume = 283,
    pages = {297-315},
   adsurl = {http://adsabs.harvard.edu/abs/1996MNRAS.283..297B},
  adsnote = {Provided by the SAO/NASA Astrophysics Data System}
}

@ARTICLE{Kas08,
   author = {{Kasen}, D. and {Thomas}, R.~C. and {R{\"o}pke}, F. and {Woosley}, S.~E.},
    title = "{Multidimensional radiative transfer calculations of the light curves and spectra of Type Ia supernovae}",
  journal = {Journal of Physics Conference Series},
     year = 2008,
    month = jul,
   volume = 125,
   number = 1,
    pages = {012007},
      doi = {10.1088/1742-6596/125/1/012007},
   adsurl = {http://adsabs.harvard.edu/abs/2008JPhCS.125a2007K},
  adsnote = {Provided by the SAO/NASA Astrophysics Data System}
}

@ARTICLE{nugent97,
   author = {{Nugent}, P. and {Baron}, E. and {Branch}, D. and {Fisher}, A. and {Hauschildt}, P.~H.},
    title = "{Synthetic Spectra of Hydrodynamic Models of Type IA Supernovae}",
  journal = APJ,
   eprint = {arXiv:astro-ph/9612044},
 keywords = {HYDRODYNAMICS, STARS: INTERIORS, STARS: SUPERNOVAE: GENERAL},
     year = 1997,
    month = aug,
   volume = 485,
    pages = {812},
      doi = {10.1086/304459},
   adsurl = {http://adsabs.harvard.edu/abs/1997ApJ...485..812N},
  adsnote = {Provided by the SAO/NASA Astrophysics Data System}
}

@ARTICLE{Nyx,
   author = {{Almgren}, A.~S. and {Bell}, J.~B. and {Lijewski},
                  M.~J. and {Luki{\'c}}, Z. and {Van Andel}, E.},
title = "{Nyx: A Massively Parallel AMR Code for Computational Cosmology}",
  journal = APJ,
archivePrefix = "arXiv",
   eprint = {1301.4498},
 primaryClass = "astro-ph.IM",
 keywords = {gravitation, hydrodynamics, methods: numerical },
     year = 2013,
    month = mar,
   volume = 765,
      eid = {39},
    pages = {39},
      doi = {10.1088/0004-637X/765/1/39},
   adsurl = {http://adsabs.harvard.edu/abs/2013ApJ...765...39A},
  adsnote = {Provided by the SAO/NASA Astrophysics Data System}
}

@ARTICLE{Mal14,
   author = {{Malone}, C.~M. and {Nonaka}, A. and {Woosley}, S.~E. and
                  {Almgren}, A.~S. and {Bell}, J.~B. and {Dong},
                  S. and {Zingale}, M.},
title = "{The Deflagration Stage of Chandrasekhar Mass Models For Type
                  Ia Supernovae: I. Early Evolution}",
  journal = APJ,
archivePrefix = "arXiv",
   eprint = {1309.4042},
 primaryClass = "astro-ph.SR",
 keywords = {convection, hydrodynamics, methods: numerical, nuclear reactions, nucleosynthesis, abundances, supernovae: general, white dwarfs},
     year = 2014,
    month = feb,
   volume = 782,
      eid = {11},
    pages = {11},
      doi = {10.1088/0004-637X/782/1/11},
   adsurl = {http://adsabs.harvard.edu/abs/2014ApJ...782...11M},
  adsnote = {Provided by the SAO/NASA Astrophysics Data System}
}

@ARTICLE{Don13,
   author = {{Dong}, S. and {Malone}, C.~M. and {Woosley}, S.~E. and {Almgren}, A.~S. and {Bell}, J.~B.},
title = {Carbon Deflagration in Type Ia Supernova. I. Models Ignited Off-center},
     year = 2013,
     note = {in preparation}
}
   
@ARTICLE{Tow09,
   author = {{Townsley}, D.~M. and {Jackson}, A.~P. and {Calder}, A.~C. and {Chamulak}, D.~A. and {Brown}, E.~F. and {Timmes}, F.~X.},
title = "{Evaluating Systematic Dependencies of Type Ia Supernovae: The Influence of Progenitor $^{22}$Ne Content on Dynamics}",
  journal = APJ,
archivePrefix = "arXiv",
   eprint = {0906.4384},
 primaryClass = "astro-ph.SR",
 keywords = {hydrodynamics, nuclear reactions, nucleosynthesis, abundances, supernovae: general, white dwarfs},
     year = 2009,
    month = aug,
   volume = 701,
    pages = {1582-1604},
      doi = {10.1088/0004-637X/701/2/1582},
   adsurl = {http://adsabs.harvard.edu/abs/2009ApJ...701.1582T},
  adsnote = {Provided by the SAO/NASA Astrophysics Data System}
}

@ARTICLE{Kru12,
   author = {{Krueger}, B.~K. and {Jackson}, A.~P. and {Calder}, A.~C. and {Townsley}, D.~M. and {Brown}, E.~F. and {Timmes}, F.~X.},
title = "{Evaluating Systematic Dependencies of Type Ia Supernovae: The Influence of Central Density}",
  journal = APJ,
archivePrefix = "arXiv",
   eprint = {1208.1986},
 primaryClass = "astro-ph.SR",
 keywords = {hydrodynamics, nuclear reactions, nucleosynthesis, abundances, supernovae: general, white dwarfs},
     year = 2012,
    month = oct,
   volume = 757,
      eid = {175},
    pages = {175},
      doi = {10.1088/0004-637X/757/2/175},
   adsurl = {http://adsabs.harvard.edu/abs/2012ApJ...757..175K},
  adsnote = {Provided by the SAO/NASA Astrophysics Data System}
}

@ARTICLE{Mol14,
   author = {{Moll}, R. and {Raskin}, C. and {Kasen}, D. and {Woosley}, S.~E.},
    title = "{Type Ia Supernovae from Merging White Dwarfs. I. Prompt Detonations}",
  journal = APJ,
archivePrefix = "arXiv",
   eprint = {1311.5008},
 primaryClass = "astro-ph.HE",
 keywords = {hydrodynamics, nuclear reactions, nucleosynthesis, abundances, shock waves, supernovae: general, white dwarfs},
     year = 2014,
    month = apr,
   volume = 785,
      eid = {105},
    pages = {105},
      doi = {10.1088/0004-637X/785/2/105},
   adsurl = {http://adsabs.harvard.edu/abs/2014ApJ...785..105M},
  adsnote = {Provided by the SAO/NASA Astrophysics Data System}
}

@ARTICLE{Ras14,
   author = {{Raskin}, C. and {Kasen}, D. and {Moll}, R. and {Schwab}, J. and {Woosley}, S.},
    title = "{Type Ia Supernovae from Merging White Dwarfs. II. Post-merger Detonations}",
  journal = APJ,
 keywords = {hydrodynamics, nuclear reactions, nucleosynthesis, abundances, supernovae: general, white dwarfs },
     year = 2014,
    month = jun,
   volume = 788,
      eid = {75},
    pages = {75},
      doi = {10.1088/0004-637X/788/1/75},
   adsurl = {http://adsabs.harvard.edu/abs/2014ApJ...788...75R},
  adsnote = {Provided by the SAO/NASA Astrophysics Data System}
}

@ARTICLE{Roe06,
   author = {{R{\"o}pke}, F.~K. and {Hillebrandt}, W. and {Niemeyer}, J.~C. and
 {Woosley}, S.~E.}, 
    title = "{Multi-spot ignition in type Ia supernova models}", 
  journal = AAP, 
   eprint = {astro-ph/0510474}, 
     year = 2006, 
    month = mar,  
   volume = 448, 
    pages = {1-14}, 
      doi = {10.1051/0004-6361:20053926}, 
   adsurl = {http://adsabs.harvard.edu/cgi-bin/nph-bib_query?bibcode=2006A%26A.\
..448....1R&db_key=AST}, 
  adsnote = {Provided by the Smithsonian/NASA Astrophysics Data System} 
}            

@ARTICLE{Zin13,
   author = {{Zingale}, M. and {Nonaka}, A. and {Almgren}, A.~S. and {Bell}, J.~B. and {Malone}, C.~M. and {Orvedahl}, R.~J.},
title = "{Low Mach Number Modeling of Convection in Helium Shells on Sub-Chandrasekhar White Dwarfs. I. Methodology}",
  journal = APJ,
archivePrefix = "arXiv",
   eprint = {1212.4380},
 primaryClass = "astro-ph.SR",
 keywords = {convection, hydrodynamics, methods: numerical, nuclear reactions, nucleosynthesis, abundances, supernovae: general, white dwarfs },
     year = 2013,
    month = feb,
   volume = 764,
      eid = {97},
    pages = {97},
      doi = {10.1088/0004-637X/764/1/97},
   adsurl = {http://adsabs.harvard.edu/abs/2013ApJ...764...97Z},
  adsnote = {Provided by the SAO/NASA Astrophysics Data System}
}

@ARTICLE{Dan13,
   author = {{Dan}, M. and {Rosswog}, S. and {Brueggen}, M. and {Podsiadlowski}, P.},
title = "{The structure and fate of white dwarf merger remnants}",
  journal = {ArXiv e-prints},
archivePrefix = "arXiv",
   eprint = {1308.1667},
 primaryClass = "astro-ph.HE",
 keywords = {Astrophysics - High Energy Astrophysical Phenomena, Astrophysics - Solar and Stellar Astrophysics},
     year = 2013,
    month = aug,
   adsurl = {http://adsabs.harvard.edu/abs/2013arXiv1308.1667D},
  adsnote = {Provided by the SAO/NASA Astrophysics Data System}
}

@ARTICLE{MannucciEtAl06,
   author = {{Mannucci}, F. and {Della Valle}, M. and {Panagia}, N.},
    title = "{Two populations of progenitors for Type Ia supernovae?}",
  journal = MNRAS,
   eprint = {arXiv:astro-ph/0510315},
 keywords = {supernovae: general: white dwarfs: galaxies: abundances,
                  supernovae: general, white dwarfs, galaxies:
                  abundances},
     year = 2006,
    month = aug,
   volume = 370,
    pages = {773-783},
      doi = {10.1111/j.1365-2966.2006.10501.x},
   adsurl = {http://adsabs.harvard.edu/abs/2006MNRAS.370..773M},
  adsnote = {Provided by the SAO/NASA Astrophysics Data System}
}

@ARTICLE{howelletal+09,
   author = {{Howell}, D.~A. and {Sullivan}, M. and {Brown}, E.~F. and
                  {Conley}, A. and {LeBorgne}, D. and {Hsiao},
                  E.~Y. and {Astier}, P. and {Balam}, D. and
                  {Balland}, C. and {Basa}, S. and {Carlberg},
                  R.~G. and {Fouchez}, D. and {Guy}, J. and {Hardin},
                  D. and {Hook}, I.~M. and {Pain}, R. and {Perrett},
                  K. and {Pritchet}, C.~J. and {Regnault}, N. and
                  {Baumont}, S. and {LeDu}, J. and {Lidman}, C. and
                  {Perlmutter}, S. and {Suzuki}, N. and {Walker},
                  E.~S. and {Wheeler}, J.~C.},
    title = "{The Effect of Progenitor Age and Metallicity on
                  Luminosity and $^{56}$Ni Yield in Type Ia
                  Supernovae}",
  journal = APJ,
archivePrefix = "arXiv",
   eprint = {0810.0031},
     year = 2009,
    month = jan,
   volume = 691,
    pages = {661-671},
      doi = {10.1088/0004-637X/691/1/661},
   adsurl = {http://adsabs.harvard.edu/abs/2009ApJ...691..661H},
  adsnote = {Provided by the SAO/NASA Astrophysics Data System}
}

@ARTICLE{saionomoto:2004,
   author = {{Saio}, H. and {Nomoto}, K.},
    title = "{Off-Center Carbon Ignition in Rapidly Rotating, Accreting Carbon-\
Oxygen White Dwarfs}",
  journal = APJ,
   eprint = {arXiv:astro-ph/0401141},
     year = 2004,
    month = nov,
   volume = 615,
    pages = {444-449},
      doi = {10.1086/423976},
   adsurl = {http://adsabs.harvard.edu/abs/2004ApJ...615..444S},
  adsnote = {Provided by the SAO/NASA Astrophysics Data System}
}

@INPROCEEDINGS{fryerdiehl:2008,
   author = {{Fryer}, C.~L. and {Diehl}, S.},
    title = "{On the Road to Understanding Type Ia Progenitors:
                  Precision Simul\ ations of Double Degenerate
                  Mergers}",
booktitle = {Hydrogen-Deficient Stars },
     year = 2008,
   series = {Astronomical Society of the Pacific Conference Series},
   volume = 391,
   editor = "{A.~Werner \& T.~Rauch}",
    month = jul,
    pages = {335},
   adsurl = {http://adsabs.harvard.edu/abs/2008ASPC..391..335F},
  adsnote = {Provided by the SAO/NASA Astrophysics Data System}
}

@ARTICLE{bildsten:2007,
   author = {{Bildsten}, L. and {Shen}, K.~J. and {Weinberg},
                  N.~N. and {Nelemans}, G.  },
    title = "{Faint Thermonuclear Supernovae from AM Canum Venaticorum
                  Binaries}",
  journal = APJL,
   eprint = {arXiv:astro-ph/0703578},
 keywords = {Stars: Binaries: Close, Stars: Novae, Cataclysmic Variables, Stars\
: Supernovae: General, Stars: White Dwarfs},
     year = 2007,
    month = jun,
   volume = 662,
    pages = {L95-L98},
      doi = {10.1086/519489},
   adsurl = {http://adsabs.harvard.edu/abs/2007ApJ...662L..95B},
  adsnote = {Provided by the SAO/NASA Astrophysics Data System}
}

@ARTICLE{fink:2010,
   author = {{Fink}, M. and {Roepke}, F.~K. and {Hillebrandt}, W. and
                  {Seitenzahl}, I.~R. and {Sim}, S.~A. and {Kromer},
                  M.},
    title = "{Double-detonation sub-Chandrasekhar supernovae: can
                  minimum helium shell masses detonate the core?}",
  journal = AAP,
 keywords = {supernovae: general, nuclear reactions, nucleosynthesis,
                  abundances, hydrodynamics, methods: numerical},
     year = 2010,
    month = may,
   volume = 514,
    pages = {A53+},
      doi = {10.1051/0004-6361/200913892},
   adsurl = {http://adsabs.harvard.edu/abs/2010A%26A...514A..53F},                
  adsnote = {Provided by the SAO/NASA Astrophysics Data System}
}

@ARTICLE{shen:2010,
   author = {{Shen}, K.~J. and {Kasen}, D. and {Weinberg}, N.~N. and
                  {Bildsten}, L. and {Scannapieco}, E.},
    title = "{Thermonuclear .Ia Supernovae from Helium Shell
                  Detonations: Explosion Models and Observables}",
  journal = APJ,
archivePrefix = "arXiv",
   eprint = {1002.2258},
 keywords = {binaries: close, novae, cataclysmic variables, nuclear
                  reactions, nucleosynthesis, abundances, supernovae:
                  general, white dwarfs},
     year = 2010,
    month = jun,
   volume = 715,
    pages = {767-774},
      doi = {10.1088/0004-637X/715/2/767},
   adsurl = {http://adsabs.harvard.edu/abs/2010ApJ...715..767S},
  adsnote = {Provided by the SAO/NASA Astrophysics Data System}
}

@ARTICLE{sim:2012,
   author = {{Sim}, S.~A. and {Fink}, M. and {Kromer}, M. and
                  {R{\"o}pke}, F.~K. and {Ruiter}, A.~J. and
                  {Hillebrandt}, W.},
    title = "{2D simulations of the double-detonation model for
                  thermonuclear transients from low-mass carbon-oxygen
                  white dwarfs}",
  journal = {MNRAS},
archivePrefix = "arXiv",
   eprint = {1111.2117},
 primaryClass = "astro-ph.HE",
 keywords = {hydrodynamics, radiative transfer, methods: numerical,
                  binaries: close, supernovae: general, white dwarfs},
     year = 2012,
    month = mar,
   volume = 420,
    pages = {3003-3016},
      doi = {10.1111/j.1365-2966.2011.20162.x},
   adsurl = {http://adsabs.harvard.edu/abs/2012MNRAS.420.3003S},
  adsnote = {Provided by the SAO/NASA Astrophysics Data System}
}

@ARTICLE{woosleykasen:2010,
   author = {{Woosley}, S.~E. and {Kasen}, D.},
    title = "{Sub-Chandrasekhar Mass Models for Supernovae}",
  journal = APJ,
archivePrefix = "arXiv",
   eprint = {1010.5292},
 primaryClass = "astro-ph.HE",
 keywords = {hydrodynamics, instabilities, nuclear reactions, nucleosynthesis, ab\
undances, shock waves, supernovae: general},
     year = 2011,
    month = jun,
   volume = 734,
      eid = {38},
    pages = {38},
      doi = {10.1088/0004-637X/734/1/38},
   adsurl = {http://adsabs.harvard.edu/abs/2011ApJ...734...38W},
  adsnote = {Provided by the SAO/NASA Astrophysics Data System}
}

@ARTICLE{kromer:2010,
   author = {{Kromer}, M. and {Sim}, S.~A. and {Fink}, M. and
                  {R{\"o}pke}, F.~K. and {Seitenzahl}, I.~R. and
                  {Hillebrandt}, W.},
    title = "{Double-detonation Sub-Chandrasekhar Supernovae:
                  Synthetic Observables for Minimum Helium Shell Mass
                  Models}",
  journal = APJ,
archivePrefix = "arXiv",
   eprint = {1006.4489},
 primaryClass = "astro-ph.HE",
 keywords = {methods: numerical, radiative transfer, supernovae: general},
     year = 2010,
    month = aug,
   volume = 719,
    pages = {1067-1082},
      doi = {10.1088/0004-637X/719/2/1067},
   adsurl = {http://adsabs.harvard.edu/abs/2010ApJ...719.1067K},
  adsnote = {Provided by the SAO/NASA Astrophysics Data System}
}

@ARTICLE{XRB2,
   author = {{Malone}, C.~M. and {Zingale}, M. and {Nonaka}, A. and {Almgren}, A.~S. and 
{Bell}, J.~B.},
    title = "{Multidimensional Modeling of Type I X-Ray Bursts. II. Two-dimensional Convection in a Mixed H/He Accretor}",
  journal = APJ,
 keywords = {convection, hydrodynamics, methods: numerical, stars: neutron, X-rays: bursts },
     year = 2014,
    month = jun,
   volume = 788,
      eid = {115},
    pages = {115},
      doi = {10.1088/0004-637X/788/2/115},
   adsurl = {http://adsabs.harvard.edu/abs/2014ApJ...788..115M},
  adsnote = {Provided by the SAO/NASA Astrophysics Data System}
}


@ARTICLE{Zingale:2011,
   author = {{Zingale}, M. and {Nonaka}, A. and {Almgren}, A.~S. and
                  {Bell}, J.~B. and {Malone}, C.~M. and {Woosley},
                  S.~E.},
    title = "{The Convective Phase Preceding Type Ia Supernovae}",
  journal = APJ,
 keywords = {convection, hydrodynamics, methods: numerical, nuclear
                  reactions, nucleosynthesis, abundances, supernovae:
                  general, white dwarfs},
     year = 2011,
    month = oct,
   volume = 740,
      eid = {8},
    pages = {8},
      doi = {10.1088/0004-637X/740/1/8},
   adsurl = {http://adsabs.harvard.edu/abs/2011ApJ...740....8Z},
  adsnote = {Provided by the SAO/NASA Astrophysics Data System}
}

@ARTICLE{ozel:2010,
   author = {{{\"O}zel}, F. and {Baym}, G. and {G{\"u}ver}, T.},
    title = "{Astrophysical measurement of the equation of state of
                  neutron star matter}",
  journal = {Phys Rev D},
archivePrefix = "arXiv",
   eprint = {1002.3153},
 primaryClass = "astro-ph.HE",
 keywords = {Neutron stars, Nuclear matter, Equations of state of
                  neutron-star matter},
     year = 2010,
    month = nov,
   volume = 82,
   number = 10,
      eid = {101301},
    pages = {101301},
      doi = {10.1103/PhysRevD.82.101301},
   adsurl = {http://adsabs.harvard.edu/abs/2010PhRvD..82j1301O},
  adsnote = {Provided by the SAO/NASA Astrophysics Data System}
}

@ARTICLE{steiner:2010,
   author = {{Steiner}, A.~W. and {Lattimer}, J.~M. and {Brown}, E.~F.},
    title = "{The Equation of State from Observed Masses and Radii of
                  Neutron Stars}",
  journal = APJ,
archivePrefix = "arXiv",
   eprint = {1005.0811},
 primaryClass = "astro-ph.HE",
 keywords = {dense matter, stars: neutron, X-rays: binaries, X-rays: bursts },
     year = 2010,
    month = oct,
   volume = 722,
    pages = {33-54},
      doi = {10.1088/0004-637X/722/1/33},
   adsurl = {http://adsabs.harvard.edu/abs/2010ApJ...722...33S},
  adsnote = {Provided by the SAO/NASA Astrophysics Data System}
}

@ARTICLE{yoon:2007,
   author = {{Yoon}, {S.-C.} and {Podsiadlowski}, P. and {Rosswog}, S.},
    title = "{Remnant evolution after a carbon-oxygen white dwarf merger}",
  journal = MNRAS,
archivePrefix = "arXiv",
   eprint = {0704.0297},
 keywords = {accretion, accretion discs, stars: evolution, supernovae: general,
white dwarfs},
     year = 2007,
    month = sep,
   volume = 380,
    pages = {933-948},
      doi = {10.1111/j.1365-2966.2007.12161.x},
   adsurl = {http://adsabs.harvard.edu/abs/2007MNRAS.380..933Y},
  adsnote = {Provided by the SAO/NASA Astrophysics Data System}
}

@ARTICLE{motl:2007,
   author = {{Motl}, P.~M. and {Frank}, J. and {Tohline}, J.~E. and
                  {D'Souza}, M.~C.~R.},
    title = "{The Stability of Double White Dwarf Binaries Undergoing Direct-Impact Accretion}",
  journal = APJ,
   eprint = {arXiv:astro-ph/0702388},
 keywords = {Accretion, Accretion Disks, Stars: Binaries: Close,
                  Hydrodynamics, Methods: Numerical, Stars: White
                  Dwarfs},
     year = 2007,
    month = dec,
   volume = 670,
    pages = {1314-1325},
      doi = {10.1086/522076},
   adsurl = {http://adsabs.harvard.edu/abs/2007ApJ...670.1314M},
  adsnote = {Provided by the SAO/NASA Astrophysics Data System}
}

@ARTICLE{loren-aguilar:2009,
   author = {{Lor{\'e}n-Aguilar}, P. and {Isern}, J. and {Garc{\'{\i}}a-Berro}, E.},
    title = "{High-resolution smoothed particle hydrodynamics
                  simulations of the merger of binary white dwarfs}",
  journal = AAP,
 keywords = {stars: white dwarfs, stars: interiors, stars:, binaries:
                  close, hydrodynamics, accretion, accretion disks},
     year = 2009,
    month = jun,
   volume = 500,
    pages = {1193-1205},
      doi = {10.1051/0004-6361/200811060},
   adsurl = {http://adsabs.harvard.edu/abs/2009A%26A...500.1193L},                                              
  adsnote = {Provided by the SAO/NASA Astrophysics Data System}
}

@ARTICLE{shenetal+11,
   author = {{Shen}, K.~J. and {Bildsten}, L. and {Kasen}, D. and {Quataert}, E.
        },
    title = "{The Long-Term Evolution of Double White Dwarf Mergers}",
  journal = {ArXiv e-prints},
archivePrefix = "arXiv",
   eprint = {1108.4036},
 primaryClass = "astro-ph.HE",
 keywords = {Astrophysics - High Energy Astrophysical Phenomena,
                  Astrophysics - Solar and Stellar Astrophysics},
     year = 2011,
    month = aug,
   adsurl = {http://adsabs.harvard.edu/abs/2011arXiv1108.4036S},
  adsnote = {Provided by the SAO/NASA Astrophysics Data System}
}

@ARTICLE{raskinetal+10,
   author = {{Raskin}, C. and {Scannapieco}, E. and {Rockefeller}, G. and
        {Fryer}, C. and {Diehl}, S. and {Timmes}, F.~X.},
    title = "{$^{56}$Ni Production in Double-degenerate White Dwarf Collisions}",
  journal = {APJ},
archivePrefix = "arXiv",
   eprint = {1009.2507},
 primaryClass = "astro-ph.SR",
 keywords = {hydrodynamics, nuclear reactions, nucleosynthesis, abundances, supernovae: general, white dwarfs},
     year = 2010,
    month = nov,
   volume = 724,
    pages = {111-125},
      doi = {10.1088/0004-637X/724/1/111},
   adsurl = {http://adsabs.harvard.edu/abs/2010ApJ...724..111R},
  adsnote = {Provided by the SAO/NASA Astrophysics Data System}
}

@ARTICLE{loren-aguilar:2010,
   author = {{Lor{\'e}n-Aguilar}, P. and {Isern}, J. and {Garc{\'{\i}}a-Berro}, E.
        },
    title = "{Smoothed particle hydrodynamics simulations of white dwarf collisions and close encounters}",
  journal = {MNRAS},
archivePrefix = "arXiv",
   eprint = {1004.4783},
 primaryClass = "astro-ph.SR",
 keywords = {hydrodynamics, nuclear reactions, nucleosynthesis,
                  abundances, supernovae: general, white dwarfs,
                  globular clusters: general},
     year = 2010,
    month = aug,
   volume = 406,
    pages = {2749-2763},
      doi = {10.1111/j.1365-2966.2010.16878.x},
   adsurl = {http://adsabs.harvard.edu/abs/2010MNRAS.406.2749L},
  adsnote = {Provided by the SAO/NASA Astrophysics Data System}
}


@ARTICLE{rosswog:2009,
   author = {{Rosswog}, S. and {Kasen}, D. and {Guillochon}, J. and
                  {Ramirez-Ruiz}, E.},
    title = "{Collisions of White Dwarfs as a New Progenitor Channel
                  for Type Ia Supernovae}",
  journal = APJL,
archivePrefix = "arXiv",
   eprint = {0907.3196},
 keywords = {globular clusters: general, hydrodynamics, nuclear
                  reactions, nucleosynthesis, abundances, radiative
                  transfer, supernovae: general, white dwarfs},
     year = 2009,
    month = nov,
   volume = 705,
    pages = {L128-L132},
      doi = {10.1088/0004-637X/705/2/L128},
   adsurl = {http://adsabs.harvard.edu/abs/2009ApJ...705L.128R},
  adsnote = {Provided by the SAO/NASA Astrophysics Data System}
}

@ARTICLE{hoeflich:1996,
   author = {{Hoeflich}, P. and {Khokhlov}, A.},
    title = "{Explosion Models for Type IA Supernovae: A Comparison with Observed Light Curves, Distances, H 0, and Q 0}",
  journal = APJ,
   eprint = {arXiv:astro-ph/9602025},
 keywords = {STARS: SUPERNOVAE: GENERAL, HYDRODYNAMICS, COSMOLOGY: DISTANCE SCALE, NUCLEAR REACTIONS, NUCLEOSYNTHESIS, ABUNDANCES, RADIATIVE TRANSFER, STARS: INTERIORS},
     year = 1996,
    month = feb,
   volume = 457,
    pages = {500},
      doi = {10.1086/176748},
   adsurl = {http://adsabs.harvard.edu/abs/1996ApJ...457..500H},
  adsnote = {Provided by the SAO/NASA Astrophysics Data System}
}

@ARTICLE{nugent:1997,
   author = {{Nugent}, P. and {Baron}, E. and {Branch}, D. and {Fisher}, A. and 
	{Hauschildt}, P.~H.},
    title = "{Synthetic Spectra of Hydrodynamic Models of Type IA Supernovae}",
  journal = APJ,
   eprint = {arXiv:astro-ph/9612044},
 keywords = {HYDRODYNAMICS, STARS: INTERIORS, STARS: SUPERNOVAE: GENERAL},
     year = 1997,
    month = aug,
   volume = 485,
    pages = {812},
      doi = {10.1086/304459},
   adsurl = {http://adsabs.harvard.edu/abs/1997ApJ...485..812N},
  adsnote = {Provided by the SAO/NASA Astrophysics Data System}
}

@ARTICLE{ruiter:2011,
   author = {{Ruiter}, A.~J. and {Belczynski}, K. and {Sim}, S.~A. and {Hillebrandt}, W. and 
	{Fryer}, C.~L. and {Fink}, M. and {Kromer}, M.},
    title = "{Delay times and rates for Type Ia supernovae and thermonuclear explosions from double-detonation sub-Chandrasekhar mass models}",
  journal = MNRAS,
archivePrefix = "arXiv",
   eprint = {1011.1407},
 primaryClass = "astro-ph.SR",
 keywords = {binaries: close, stars: evolution, supernovae: general, white dwarfs},
     year = 2011,
    month = oct,
   volume = 417,
    pages = {408-419},
      doi = {10.1111/j.1365-2966.2011.19276.x},
   adsurl = {http://adsabs.harvard.edu/abs/2011MNRAS.417..408R},
  adsnote = {Provided by the SAO/NASA Astrophysics Data System}
}


@ARTICLE{URCA,
   author = {{Stein}, J. and {Wheeler}, J.~C.},
    title = "{The Convective Urca Process with Implicit Two-dimensional Hydrodynamics}",
  journal = {APJ},
   eprint = {astro-ph/0512580},
 keywords = {Convection, Hydrodynamics, Nuclear Reactions, Nucleosynthesis, Abundances, Stars: Interiors, Stars: Supernovae: General},
     year = 2006,
    month = jun,
   volume = 643,
    pages = {1190-1197},
      doi = {10.1086/503246},
   adsurl = {http://adsabs.harvard.edu/abs/2006ApJ...643.1190S},
  adsnote = {Provided by the SAO/NASA Astrophysics Data System}
}

@article{ppmunsplit,
     author={{Miller}, G.~H. and {Colella}, P.},
     journal=JCP,
     title="{A Conservative Three-Dimensional Eulerian Method for
                  Coupled Solid-Fluid Shock Capturing}",
     year=2002,
     volume=183,
     pages={26--82}
}


@article{miniati-colella,
        author = {Miniati, F. and Colella, P.},
        title = {Block structured adaptive mesh and time refinement for
                hybrid, hyperbolic + N-body systems},
        journal = {Journal of Computational Physics},
        volume =  227,
        year = 2007,
        pages ={400-430},
}


@incollection{chimera-gpu,
year={2013},
isbn={978-3-642-36802-8},
booktitle={Applied Parallel and Scientific Computing},
volume={7782},
series={Lecture Notes in Computer Science},
editor={Manninen, P. and \"Oster, P.},
doi={10.1007/978-3-642-36803-5_6},
publisher={Springer Berlin Heidelberg},
keywords={OpenMP; GPU; OpenACC; supernovae; stellar astrophysics},
author={Messer, O.E.Bronson and Harris, J.Austin and Parete-Koon, Suzanne and Chertkow, MerekA.},
pages={92-106},
language={English}
}

%title={Multicore and Accelerator Development for a Leadership-Class Stellar Astrophysics Code},
%url={http://dx.doi.org/10.1007/978-3-642-36803-5_6},


@article{s3d,
year = {2012},
journal = {AIAA},
author = {{Sakaran}, R. and {Grout}, R.},
note = "{50th AIAA Aerospace Sciences Meeting including the New Horizons Forum and Aerospace Exposition}"
}

@ARTICLE{gamezo:2005,
   author = {{Gamezo}, V.~N. and {Khokhlov}, A.~M. and {Oran}, E.~S.},
    title = "{Three-dimensional Delayed-Detonation Model of Type Ia Supernovae}",
  journal = APJ,
     year = 2005,
   volume = 623,
    pages = {337-346},
      doi = {10.1086/428767},
   adsurl = {http://adsabs.harvard.edu/cgi-bin/nph-bib_query?bibcode=2005ApJ...623..337G&db_key=AST},
  adsnote = {Provided by the Smithsonian/NASA Astrophysics Data System}
}

@ARTICLE{colellaglaz:1985,
   author = {{Colella}, P. and {Glaz}, H.~M.},
    title = "{Efficient solution algorithms for the Riemann problem
                  for real gases}",
  journal = {Journal of Computational Physics},
 keywords = {CAUCHY PROBLEM, COMPRESSIBLE FLOW, EQUATIONS OF STATE,
                  GAS DYNAMICS, INVISCID FLOW, POLYTROPIC PROCESSES,
                  ALGORITHMS, BOUNDARY VALUE PROBLEMS, CARTESIAN
                  COORDINATES, FINITE DIFFERENCE THEORY, JACOBI MATRIX
                  METHOD, RANKINE-HUGONIOT RELATION, SHOCK TUBES,
                  SHOCK WAVES},
     year = 1985,
    month = jun,
   volume = 59,
    pages = {264-289},
      doi = {10.1016/0021-9991(85)90146-9},
   adsurl = {http://adsabs.harvard.edu/abs/1985JCoPh..59..264C},
  adsnote = {Provided by the SAO/NASA Astrophysics Data System}
}


@ARTICLE{hoflichstein:2002,
   author = {{H{\" o}flich}, P. and {Stein}, J.},
    title = {On the Thermonuclear Runaway in {T}ype {I}a Supernovae: How to Run Away?},
  journal = APJ,
     year = 2002,
    month = apr,
   volume = 568,
    pages = {779-790}
}


@ARTICLE{calder:2013,
   author = {{Calder}, A.~C. and {Krueger}, B.~K. and {Jackson}, A.~P. and 
	{Townsley}, D.~M.},
    title = "{The influence of chemical composition on models of Type Ia supernovae}",
  journal = {Frontiers of Physics},
archivePrefix = "arXiv",
   eprint = {1303.2207},
 primaryClass = "astro-ph.SR",
 keywords = {hydrodynamics, nuclear reactions, nucleosynthesis, abundances, stars: supernovae: general, stars: white dwarfs},
     year = 2013,
    month = apr,
   volume = 8,
    pages = {168-188},
      doi = {10.1007/s11467-013-0301-4},
   adsurl = {http://adsabs.harvard.edu/abs/2013FrPhy...8..168C},
  adsnote = {Provided by the SAO/NASA Astrophysics Data System}
}
